@inbook{thrun2005probabilistic,
  title={Probabilistic Robotics},
  author={Thrun, Sebastian and Burgard, Wolfram and Fox, Dieter},
  year={2005},
  publisher={MIT Press},
  pages={191-192}
}

@Misc{Roomba_vSLAM,
    title="{Roomba series 900}",
    howpublished = "{https://www.irobot-jp.com/product/900series/}"
}

@inpreceedings{Wuhan_Edge_Locali,
    title={Monocular  Camera  Localization  in  Prior  LiDAR  Maps  with  2D-3DLine  Correspondences},
    author={Huai, Yu and Weikun, Zhen and Wen, Yang and Ji, Zang and Sebastian, Scherer},
    year={2020},
    organization={Electronic Information School Wuhan University}
}
@inpreceedings{ICNet,
    title={ICNet for Real-Time Semantic Segmentation on High-Resolution Images},
    author={Hengshuang, Zhao and 
    Xiaojuan, Qi and 
    Xiaoyong, Shen and 
    Jianping, Shi and 
    Jiaya, Jia1},
    year={2017},
    organization={The Chinese University of Hong Kong, Tencent Youtu Lab, SenseTime Research}
}

@inpreceedings{DeepLab,
    title={DeepLab: Semantic Image Segmentation with Deep Convolutional Nets, Atrous Convolution, and Fully Connected CRFs},
    author={Liang-Chieh, Chen and George, Papandreou and Iasonas, Kokkinos and Kevin, Murphy and Alan, L.Yuille},
    year={2016},
}

@inbook{Image_Recog_Kodansha,
    title={機械学習プロフェッショナルシリーズ 画像認識},
    author={原田達也},
    year={2017},
    publisher={講談社},
    pages={67}
}

@book{FeatureDescriptor,
    title={Interesting interest points},
    author={H.Aanaes and A.Dahl and K.Steenstrup, Pederson},
    year={2012},
    publisher={International Journal of Computer Vision vol.97 p18-p35}
}

@inpreceedings{semantic_point_localization,
    title={Long-term Visual Localization Using Semantic Segmented Images},
    author={Erik, Stenborg and Carl, Toft and Lars, Hammarstand},
    year={2018},
    organization={Chalmers University of Technology}
}

@inpreceedings{semantic_kitti_dataset_paper,
    title={SemanticKITTI: A Dataset for Semantic Scene Understanding of LiDAR Sequences},
    author={Jens, Behley and Martin, Garbade and Andres, Milioto and Jan, Quenzel and Sven, Behnke and Cyrill, Stachniss and Juergen, Gall},
    year={2019},
    organization={University of Bonn}
}

@Misc{semantic_kitti_dataset_link,
    title="{Semantic KITTI dataset}",
    howpublished = "{http://www.semantic-kitti.org/}"
}

@inpreceedings{RangeNet++,
    title={RangeNet++: Fast and Accurate LiDAR Semantic Segmentation},
    author={Andres, Milioto and Ignacio, Vizzo and Jens, Behley and Cyrill, Stachniss},
    year={2019},
    organization={University of Bonn}
}

@INPROCEEDINGS{Geiger2012CVPR,
  author = {Andreas, Geiger and Philip, Lenz and Raquel, Urtasun},
  title = {Are we ready for Autonomous Driving? The KITTI Vision Benchmark Suite},
  booktitle = {Conference on Computer Vision and Pattern Recognition (CVPR)},
  year = {2012}
}

@inpreceedings{Cityscapes_paper,
    title={The Cityscapes Dataset for Semantic Urban Scene Understanding},
    author={Marius, Cordts and Mohamed, Omran and Sebastian, Ramos and Timo, Rehfeld and Markus, Enzweiler and Rodrigo, Benenson and Uwe, Franke and Stefan, Roth and Bernt, Schiele},
    year={2016}
}

@Misc{CityScapes_link,
    title="{CityScapes dataset}",
    howpublished = "{https://www.cityscapes-dataset.com/}"
}

@inpreceedings{KITTI_dataset_paper,
    title={Vision meets Robotics: The KITTI Dataset},
    author={Andreas, Geiger and Philip, Lenz and Christoph, Stiller and Raquel, Urtasun},
    year={2013},
    organization={Karlsruhe Institute of Technology}
}
@Misc{semantickitti2bag,
    title="{semantickitti2bag}",
    howpublished = "{https://github.com/amslabtech/semantikitti2bag}"
}

@InProceedings{milioto2019icra,
author = {A. Milioto and C. Stachniss},
title = {{Bonnet: An Open-Source Training and Deployment Framework for Semantic Segmentation in Robotics using CNNs}},
booktitle = {Proc. of the IEEE Intl. Conf. on Robotics \& Automation (ICRA)},
year = 2019,
codeurl = {https://github.com/Photogrammetry-Robotics-Bonn/bonnet},
videourl = {https://www.youtube.com/watch?v=tfeFHCq6YJs},
}

@Misc{Bonnet_Github,
    title="{Bonnet: An Open-Source Training and Deployment Framework for Semantic Segmentation in Robotics.}",
    howpublished = "{https://github.com/PRBonn/bonnet}"
}
[@inproceedings{RosCVPR16,
author={German Ros and Laura Sellart and Joanna Materzynska and David Vazquez and Antonio Lopez},
title={ {The SYNTHIA Dataset}: A Large Collection of Synthetic Images for Semantic Segmentation of Urban Scenes},
booktitle=CVPR,
year={2016}
}]


@Misc{Persons_Link,
    title="{INRIA Person Dataset}",
    howpublished = "{http://pascal.inrialpes.fr/data/human/}"
}

@Misc{semantic_mesh_localization_link,
    title="{semantic mesh localization}",
    howpublished = "{https://github.com/amslabtech/semantic\_mesh\_localization}"
}

@article{chebrolu2017ijrr,
title = {Agricultural robot dataset for plant classification, localization and mapping on sugar beet fields},
author = {Nived Chebrolu and Philipp Lottes and Alexander Schaefer and Wera Winterhalter and Wolfram Burgard and Cyrill Stachniss},
journal = {The International Journal of Robotics Research},
year = {2017}
doi = {10.1177/0278364917720510},
}

@Misc{PCL_VexelGrid_Link,
    title="{PCL Turtrials VoxelGrid}",
    howpublished = "{https://pcl.readthedocs.io/en/latest/index.html}"
}

@article{VoxelGrid_paper_1,
title = {Cumulative generation of octree models from range data},
author = {C. Connolly},
journal = {Proceedings. 1984 IEEE International Conference on Robotics and Automation},
year = {1984}
}

@inpreceedings{VoxelGrid_paper_2,
    title={Integration of reverse engineering and rapid prototyping with data reduction },
    author={Y.H.Chen and C.T.Ng and Y.Z.Wang},
    year={1999},
    organization={University of Hong Kong}
}

@InProceedings{Marton09ICRA,
  author    = {Zoltan Csaba Marton and Radu Bogdan Rusu and Michael Beetz},
  title     = {{On Fast Surface Reconstruction Methods for Large and Noisy Datasets}},
  booktitle = {Proceedings of the IEEE International Conference on Robotics and Automation (ICRA)},
  month     = {May 12-17},
  year      = {2009},
  address   = {Kobe, Japan},
}

@inproceedings{MCL_paper,
author = {Fox, Dieter and Burgard, Wolfram and Dellaert, Frank and Thrun, Sebastian},
year = {1999},
month = {01},
pages = {343-349},
title = {Monte Carlo Localization: Efficient Position Estimation for Mobile Robots},
journal = {Proceedings of the National Conference on Artificial Intelligence}
}

@inbook{ueda_prob_robotics,
    title={詳解 確率ロボティクス Pythonによる基礎アルゴリズムの実装},
    author={上田隆一},
    year={2019},
    publisher={講談社},
    pages={107-136}
}

@article{madow1944,
author = "Madow, William G. and Madow, Lillian H.",
doi = "10.1214/aoms/1177731312",
fjournal = "Annals of Mathematical Statistics",
journal = "Ann. Math. Statist.",
month = "03",
number = "1",
pages = "1--24",
publisher = "The Institute of Mathematical Statistics",
title = "On the Theory of Systematic Sampling, I",
url = "https://doi.org/10.1214/aoms/1177731312",
volume = "15",
year = "1944"
}

@article{systematic_resampling_review,
author = {Mostafa, Sayed and Ahmad, Ibrahim},
year = {2017},
month = {07},
pages = {},
title = {Recent Developments in Systematic Sampling: A Review},
volume = {12},
journal = {Journal of Statistical Theory and Practice},
doi = {10.1080/15598608.2017.1353456}
}

@Misc{semantic_segmentation_in_snow,
    author={北海道経済産業局 and 株式会社ヴィッツ（法人番号 9180001045035） and 国立大学法人北海道大学},
    year={令和2年5月},
    title={平成29年度採択 戦略的基盤技術高度化・連携支援事業 戦略的基盤技術高度化支援事業 「積雪寒冷地域の交通弱者移動支援のための雪道走行を可能とする自動運転技術の開発」 研究開発成果等報告書},
    howpublished={https://www.chusho.meti.go.jp/keiei/sapoin/portal/seika/29fy.html}
}

@Misc{jiki_marker_localization,
    author={国立研究開発法人産業技術総合研究所ヒューマンモビリティ研究センター and 経済産業省 and 国土交通省},
    year={令和2年度},
    title={高度な自動走行・MaaS等の社会実装に向けた研究開発・実証事業：専用空間における自動走行などを活用した端末交通システムの社会実装に向けた実証},
    howpublished={https://www.meti.go.jp/press/2020/07/20200710002/20200710002.html}
}

@article{stenborg_2020,
author = {Toft, Carl and Maddern, Will and Torii, Akihiko and Hammarstrand, Lars and Stenborg, Erik and Safari, Daniel and Okutomi, Masatoshi and Pollefeys, Marc and Sivic, Josef and Pajdla, Tomas and Kahl, Fredrik and Sattler, Torsten},
year = {2020},
month = {10},
pages = {1-1},
title = {Long-Term Visual Localization Revisited},
volume = {PP},
journal = {IEEE Transactions on Pattern Analysis and Machine Intelligence},
doi = {10.1109/TPAMI.2020.3032010}
}

@inpreceedings{Quaternion_average,
    author={Markley, F.Landis and 
    Cheng, Yang and 
    Crassidis, John L. and 
    Oshman, Yaakov},
    title={Quaternion Averaging},
    yaer={2007},
    organization={NASA}
}

@INPROCEEDINGS{QR_code_localization,
  author={S. {Lee} and G. {Tewolde} and J. {Lim} and J. {Kwon}},
  booktitle={2015 IEEE International Conference on Advanced Intelligent Mechatronics (AIM)}, 
  title={QR-code based Localization for Indoor Mobile Robot with validation using a 3D optical tracking instrument}, 
  year={2015},
  volume={},
  number={},
  pages={965-970},
  doi={10.1109/AIM.2015.7222664}}
  
@InProceedings{Toft_2018_ECCV,
author = {Toft, Carl and Stenborg, Erik and Hammarstrand, Lars and Brynte, Lucas and Pollefeys, Marc and Sattler, Torsten and Kahl, Fredrik},
title = {Semantic Match Consistency for Long-Term Visual Localization},
booktitle = {Proceedings of the European Conference on Computer Vision (ECCV)},
month = {September},
year = {2018}
}

@article{SattlerMTSPPO17,
  author    = {Torsten Sattler and
               Will Maddern and
               Akihiko Torii and
               Josef Sivic and
               Tom{\'{a}}s Pajdla and
               Marc Pollefeys and
               Masatoshi Okutomi},
  title     = {Benchmarking 6DOF Urban Visual Localization in Changing Conditions},
  journal   = {CoRR},
  volume    = {abs/1707.09092},
  year      = {2017},
  url       = {http://arxiv.org/abs/1707.09092},
  archivePrefix = {arXiv},
  eprint    = {1707.09092},
  timestamp = {Mon, 13 Aug 2018 16:46:23 +0200},
  biburl    = {https://dblp.org/rec/journals/corr/SattlerMTSPPO17.bib},
  bibsource = {dblp computer science bibliography, https://dblp.org}
}

@article{vslam_survey,
author = {Fuentes-Pacheco, Jorge and Ascencio, Jose and Rendon-Mancha, J.},
year = {2015},
month = {11},
pages = {},
title = {Visual Simultaneous Localization and Mapping: A Survey},
volume = {43},
journal = {Artificial Intelligence Review},
doi = {10.1007/s10462-012-9365-8}
}